<?xml version="1.0" encoding="UTF-8"?><collection xmlns="http://www.loc.gov/MARC21/slim"><record><leader>00558nam--2200193-i-4500</leader><controlfield tag="001">000013644</controlfield><controlfield tag="002">20161230</controlfield><controlfield tag="005">20161230201030</controlfield><controlfield tag="008">060222s1000------------r-----000-0-eng-d</controlfield><datafield ind1=" " ind2=" " tag="040"><subfield code="a">IFIN-HH</subfield></datafield><datafield ind1=" " ind2=" " tag="080"><subfield code="a">519.219.94</subfield></datafield><datafield ind1="1" ind2=" " tag="100"><subfield code="a">Denker, M</subfield></datafield><datafield ind1=" " ind2=" " tag="245"><subfield code="a">Ergodic theory</subfield><subfield code="b">PROCEEDINGS, Oberwolfach, Germany, June 11-17, 1978</subfield><subfield code="c">M. Denker ; K. Jacobs (Eds.)</subfield></datafield><datafield ind1=" " ind2=" " tag="260"><subfield code="a">Berlin, Springer-verlag, 1979</subfield></datafield><datafield ind1=" " ind2=" " tag="300"><subfield code="a">XII+209P</subfield></datafield><datafield ind1=" " ind2=" " tag="490"><subfield code="a">Lectures Notes In Mathematics</subfield><subfield code="v">vol. 729</subfield></datafield><datafield ind1="1" ind2=" " tag="700"><subfield code="a">Jacobs, K</subfield></datafield><datafield ind1=" " ind2=" " tag="852"><subfield code="a">519.219.94</subfield></datafield><datafield ind1=" " ind2=" " tag="CAT"><subfield code="a">Sys</subfield><subfield code="c">20100608</subfield><subfield code="h">095126</subfield></datafield></record></collection>